<?xml version="1.0" encoding="UTF-8"?><collection xmlns="http://www.loc.gov/MARC21/slim"><record><leader>00641nam--2200193-i-4500</leader><controlfield tag="001">000023272</controlfield><controlfield tag="002">20161230</controlfield><controlfield tag="005">20161230201034</controlfield><controlfield tag="008">060222s1000------------r-----000-0-fre-d</controlfield><datafield ind1=" " ind2=" " tag="040"><subfield code="a">IFIN-HH</subfield></datafield><datafield ind1=" " ind2=" " tag="041"><subfield code="a">fre</subfield></datafield><datafield ind1=" " ind2=" " tag="080"><subfield code="a">53.081:015:539.196.3:536.7</subfield></datafield><datafield ind1="1" ind2=" " tag="100"><subfield code="a">Grolier, Etienne Jean-pierre</subfield></datafield><datafield ind1="1" ind2="0" tag="245"><subfield code="a">Contribution a l`etude des interactions moleculaires ester-alcool. aspect thermodynamique</subfield><subfield code="b">These</subfield><subfield code="c">Jean-pierre etienne grolier</subfield></datafield><datafield ind1=" " ind2=" " tag="260"><subfield code="a">Clermont-ferrand</subfield><subfield code="b">Universite De Clermont-ferrand</subfield><subfield code="c">1970</subfield></datafield><datafield ind1=" " ind2=" " tag="300"><subfield code="a">2 PARTS</subfield></datafield><datafield ind1="1" ind2=" " tag="787"><subfield code="a">Part 2</subfield><subfield code="h">/Pag.Dif.</subfield><subfield code="t">Tableaux Et Figures</subfield></datafield><datafield ind1=" " ind2=" " tag="852"><subfield code="a">38054</subfield><subfield code="c">539.19</subfield></datafield><datafield ind1=" " ind2=" " tag="CAT"><subfield code="a">Sys</subfield><subfield code="c">20120713</subfield><subfield code="h">120730</subfield></datafield></record></collection>